@online{kevinkotze,
  author = {Kevin Kotze},
  title={Time Series Analusis},
  year={2019},
  url = {https://www.economodel.com/time-series-analysis-2019},
  urldate = {2022-10-12}
}

@book{box2015time,
  title={Time series analysis: forecasting and control},
  author={Box, George EP and Jenkins, Gwilym M and Reinsel, Gregory C and Ljung, Greta M},
  year={2015},
  publisher={John Wiley \& Sons}
}

@book{hamilton2020time,
  title={Time series analysis},
  author={Hamilton, James Douglas},
  year={1994},
  publisher={Princeton university press}
}

@book{enders2014applied,
  title={Applied Econometric Times Series},
  author={Enders, W.},
  isbn={9781118918616},
  lccn={2014013428},
  series={Wiley Series in Probability and Statistics},
  url={https://books.google.com.br/books?id=lmr9oQEACAAJ},
  year={2014},
  publisher={Wiley}
}

